<?xml version="1.0" encoding="UTF-8"?><collection xmlns="http://www.loc.gov/MARC21/slim"><record><leader>00395nam--2200133-i-4500</leader><controlfield tag="001">000009725</controlfield><controlfield tag="002">20161230</controlfield><controlfield tag="005">20161230201028</controlfield><controlfield tag="008">060222s1000------------r-----000-0-eng-d</controlfield><datafield ind1=" " ind2=" " tag="080"><subfield code="a">541.10</subfield></datafield><datafield ind1=" " ind2=" " tag="245"><subfield code="a">Aspects de la chimie quantique contemporaine. menton, 8-13 julliet 1970</subfield></datafield><datafield ind1=" " ind2=" " tag="260"><subfield code="a">Paris, Edition Du Centre National De La Re- Cherche Scientifique, 1971 339 P</subfield></datafield><datafield ind1=" " ind2=" " tag="490"><subfield code="a">195</subfield></datafield><datafield ind1=" " ind2=" " tag="852"><subfield code="a">35063</subfield></datafield></record></collection>